@article{va1965visual,
  title={Visual acuity},
  author={VA, Visual Acuity},
  year={1965}
}

@article{wang2004image,
  title={Image quality assessment: from error visibility to structural similarity},
  author={Wang, Zhou and Bovik, Alan C and Sheikh, Hamid R and Simoncelli, Eero P},
  journal={IEEE transactions on image processing},
  volume={13},
  number={4},
  pages={600--612},
  year={2004},
  publisher={IEEE}
}

@book{fuchs2017virtual,
  title={Virtual Reality Headsets-A Theoretical and Pragmatic Approach},
  author={Fuchs, Philippe},
  year={2017},
  publisher={CRC Press}
}

@inproceedings{yu2015framework,
  title={A framework to evaluate omnidirectional video coding schemes},
  author={Yu, Matt and Lakshman, Haricharan and Girod, Bernd},
  booktitle={Mixed and Augmented Reality (ISMAR), 2015 IEEE International Symposium on},
  pages={31--36},
  year={2015},
  organization={IEEE}
}

@inproceedings{zhang2017subjective,
  title={Subjective and objective quality assessment of panoramic videos in virtual reality environments},
  author={Zhang, Bo and Zhao, Junzhe and Yang, Shu and Zhang, Yang and Wang, Jing and Fei, Zesong},
  booktitle={Multimedia \& Expo Workshops (ICMEW), 2017 IEEE International Conference on},
  pages={163--168},
  year={2017},
  organization={IEEE}
}

@inproceedings{sacht2010face,
  title={Face and straight line detection in equirectangular images},
  author={Sacht, Leonardo K and Carvalho, Paulo C and Velho, Luiz and Gattass, Marcelo},
  booktitle={Workshop de Vis{\~a}o Computacional. Presidente Prudente, SP, Brasil: FTC-UNESP},
  pages={101--106},
  year={2010}
}

@inproceedings{dunn2017resolution,
  title={Resolution-defined projections for virtual reality video compression},
  author={Dunn, Charles and Knott, Brian},
  booktitle={Virtual Reality (VR), 2017 IEEE},
  pages={337--338},
  year={2017},
  organization={IEEE}
}

@article{wang2006modern,
  title={Modern image quality assessment},
  author={Wang, Zhou and Bovik, Alan C},
  journal={Synthesis Lectures on Image, Video, and Multimedia Processing},
  volume={2},
  number={1},
  pages={1--156},
  year={2006},
  publisher={Morgan \& Claypool Publishers}
}

@inproceedings{zakharchenko2016quality,
  title={Quality metric for spherical panoramic video},
  author={Zakharchenko, Vladyslav and Choi, Kwang Pyo and Park, Jeong Hoon},
  booktitle={Optics and Photonics for Information Processing X},
  volume={9970},
  pages={99700C},
  year={2016},
  organization={International Society for Optics and Photonics}
}

@article{md2015full,
  title={Full-reference stereo image quality assessment using natural stereo scene statistics},
  author={Md, Sameeulla Khan and Appina, Balasubramanyam and Channappayya, Sumohana S},
  journal={IEEE Signal Processing Letters},
  volume={22},
  number={11},
  pages={1985--1989},
  year={2015},
  publisher={IEEE}
}

@Book{knuth:84,
  author = 	 {Donald E. Knuth},
  title = 	 {The {\TeX} Book},
  publisher = 	 {Addison-Wesley},
  year = 	 {1984},
  edition = 	 {15th}
}

@InCollection{boulic:91,
  author = 	 {R. Boulic and O. Renault},
  title = 	 {3D Hierarchies for Animation},
  booktitle = 	 {New Trends in Animation and Visualization},
  publisher =    {John Wiley {\&} Sons ltd.},
  year = 	 {1991},
  editor = 	 {Nadia Magnenat-Thalmann and Daniel Thalmann}
}

@InCollection{smith:99,
  author = 	 {A. Smith and B. Jones},
  title = 	 {On the Complexity of Computing},
  booktitle = 	 {Advances in Computer Science},
  pages = 	 {555--566},
  publisher =    {Publishing Press},
  year = 	 {1999},
  editor = 	 {A. B. Smith-Jones}
}
