@book{akenine2008real,
  title={Real-time rendering},
  author={Akenine-M{\"o}ller, Tomas and Haines, Eric and Hoffman, Naty},
  year={2008},
  publisher={CRC Press}
}

@INPROCEEDINGS{GPGPUTechniques, 
author={M. Joselli and J. Ricardo da Silva and M. Zamith and E. Clua and M. Pelegrino and E. Mendon√ßa}, 
booktitle={2012 IEEE International Games Innovation Conference}, 
title={Techniques for designing GPGPU games}, 
year={2012}, 
volume={}, 
number={}, 
pages={1-5}, 
keywords={computer animation;computer games;graphics processing units;optimisation;parallel architectures;parallel programming;rendering (computer graphics);GPGPU game design;GPGPU game programing;GPU computing architecture;GPU-CPU communication;animation;characters artificial intelligence;digital games;modeling effects;nongraphics subtasks;optimization;physics simulation;rendering effects;Artificial intelligence;Computational modeling;Computer architecture;Data models;Games;Graphics processing unit;Physics;GPGPU;GPU Computing;digital games}, 
doi={10.1109/IGIC.2012.6329853}, 
ISSN={2166-6741}, 
month={Sept},}

@article{DBLP:journals/corr/abs-1202-4347,
  author    = {Jayshree Ghorpade and
               Jitendra Parande and
               Madhura Kulkarni and
               Amit Bawaskar},
  title     = {{GPGPU} Processing in {CUDA} Architecture},
  journal   = {CoRR},
  volume    = {abs/1202.4347},
  year      = {2012},
  url       = {http://arxiv.org/abs/1202.4347},
  archivePrefix = {arXiv},
  eprint    = {1202.4347},
  timestamp = {Wed, 07 Jun 2017 14:41:01 +0200},
  biburl    = {https://dblp.org/rec/bib/journals/corr/abs-1202-4347},
  bibsource = {dblp computer science bibliography, https://dblp.org}
}

@article{Joselli:2010:AGL:1658866.1658869,
 author = {Joselli, Mark and Zamith, Marcelo and Clua, Esteban and Montenegro, Anselmo and Leal-Toledo, Regina and Conci, Aura and Pagliosa, Paulo and Valente, Luis and Feij\'{o}, Bruno},
 title = {An Adaptative Game Loop Architecture with Automatic Distribution of Tasks Between CPU and GPU},
 journal = {Comput. Entertain.},
 issue_date = {December 2009},
 volume = {7},
 number = {4},
 month = jan,
 year = {2010},
 issn = {1544-3574},
 pages = {50:1--50:15},
 articleno = {50},
 numpages = {15},
 url = {http://doi.acm.org/10.1145/1658866.1658869},
 doi = {10.1145/1658866.1658869},
 acmid = {1658869},
 publisher = {ACM},
 address = {New York, NY, USA},
 keywords = {GPGPU, game loops, task distribution},
} 

@INPROCEEDINGS{GPGPUWars, 
author={M. Joselli and E. Clua}, 
booktitle={2009 VIII Brazilian Symposium on Games and Digital Entertainment}, 
title={GpuWars: Design and Implementation of a GPGPU Game}, 
year={2009}, 
volume={}, 
number={}, 
pages={132-140}, 
keywords={computer games;computer graphic equipment;coprocessors;GPGPU game;GPU programs;GpuWars;game development;game logic;game loop;graphics processing units;Artificial intelligence;Central Processing Unit;Computational modeling;Computer architecture;Games;Graphics;Logic;Parallel processing;Parallel programming;Physics;Digital Games;GPGPU;Game AI;Game Architecture;Game Physics}, 
doi={10.1109/SBGAMES.2009.23}, 
ISSN={2159-6654}, 
month={Oct},
}

@ONLINE {OculusVRGuidelines,
    author = "Oculus",
    title  = "Squeezing Performance out of your Unity Gear VR Game",
    month  = "may",
    year   = "2015",
    url    = "https://developer.oculus.com/blog/squeezing-performance-out-of-your-unity-gear-vr-game/"
}