@INPROCEEDINGS{7500674, 
author={C. Anthes and R. J. García-Hernández and M. Wiedemann and D. Kranzlmüller}, 
booktitle={2016 IEEE Aerospace Conference}, 
title={State of the art of virtual reality technology}, 
year={2016}, 
volume={}, 
number={}, 
pages={1-19}, 
keywords={helmet mounted displays;virtual reality;VR hardware;VR software;barrel distortion;cable-based HMD;commodity VR;head-mounted display;low-persistence displays;mobile HMD;motion-to-photon latency;virtual reality technology;Hardware;Human computer interaction;Mobile communication;Software;Taxonomy;Virtual environments}, 
doi={10.1109/AERO.2016.7500674}, 
ISSN={}, 
month={March},}

@Book{knuth:84,
  author = 	 {Donald E. Knuth},
  title = 	 {The {\TeX} Book},
  publisher = 	 {Addison-Wesley},
  year = 	 {1984},
  edition = 	 {15th}
}

@InCollection{boulic:91,
  author = 	 {R. Boulic and O. Renault},
  title = 	 {3D Hierarchies for Animation},
  booktitle = 	 {New Trends in Animation and Visualization},
  publisher =    {John Wiley {\&} Sons ltd.},
  year = 	 {1991},
  editor = 	 {Nadia Magnenat-Thalmann and Daniel Thalmann}
}

@InCollection{smith:99,
  author = 	 {A. Smith and B. Jones},
  title = 	 {On the Complexity of Computing},
  booktitle = 	 {Advances in Computer Science},
  pages = 	 {555--566},
  publisher =    {Publishing Press},
  year = 	 {1999},
  editor = 	 {A. B. Smith-Jones}
}
